%% This BibTeX bibliography file was created using BibDesk.
%% http://bibdesk.sourceforge.net/

%% Created for Ben Hammel at 2019-12-23 09:30:05 -0800 


%% Saved with string encoding Unicode (UTF-8) 



@misc{github:aa,
	Author = {B.D. Hammel},
	Date-Added = {2019-12-23 09:25:36 -0800},
	Date-Modified = {2019-12-23 09:30:03 -0800},
	Howpublished = {www.github.com},
	Month = {December},
	Title = {bdhammel/bayesian-stats-classes/},
	Year = {2019}}

@misc{Menne:2019aa,
	Author = { Menne, Matthew J. and Imke Durre and Bryant Korzeniewski and Shelley McNeal and Kristy Thomas and Xungang Yin and Steven Anthony and Ron Ray and Russell S. Vose and Byron E.Gleason and Tamara G. Houston },
	Date-Added = {2019-12-23 09:23:20 -0800},
	Date-Modified = {2019-12-23 09:25:09 -0800},
	Howpublished = {NOAA National Climatic Data Center. doi:10.7289/V5D21VHZ},
	Month = {December},
	Title = {Global Historical Climatology Network - Daily (GHCN-Daily), Version 3.},
	Year = {2019}}

@webpage{U.S.G.S.:2019aa,
	Author = {U.S.G.S.},
	Date-Added = {2019-12-23 09:16:45 -0800},
	Date-Modified = {2019-12-23 09:18:34 -0800},
	Month = {December},
	Title = {National Water Information System data available on the World Wide Web (USGS Water Data for the Nation)},
	Url = {https://waterdata.usgs.gov/nwis/},
	Year = {2019}}
